<?xml version="1.0" encoding="UTF-8"?>
<collection xmlns="http://www.loc.gov/MARC21/slim"><record><datafield tag="690" ind1="C" ind2=" "><subfield code="a">Preprint</subfield></datafield><datafield tag="037" ind1=" " ind2=" "><subfield code="a">ANL-HEP-PR-99-123</subfield></datafield><datafield ind1=" " ind2=" " tag="100"><subfield code="a">Wall, D.</subfield></datafield><datafield ind1=" " ind2=" " tag="700"><subfield code="a">Allison, W.W.M.</subfield></datafield><datafield ind1=" " ind2=" " tag="700"><subfield code="a">Alner, G.J.</subfield></datafield><datafield ind1=" " ind2=" " tag="700"><subfield code="a">Ayres, D.S.</subfield></datafield><datafield ind1=" " ind2=" " tag="700"><subfield code="a">Barrett, W.L.</subfield></datafield><datafield ind1=" " ind2=" " tag="700"><subfield code="a">Bode, C.</subfield></datafield><datafield ind1=" " ind2=" " tag="700"><subfield code="a">Border, P.M.</subfield></datafield><datafield ind1=" " ind2=" " tag="700"><subfield code="a">Brooks, C.B.</subfield></datafield><datafield ind1=" " ind2=" " tag="700"><subfield code="a">Cobb, J.H.</subfield></datafield><datafield ind1=" " ind2=" " tag="700"><subfield code="a">Cotton, R.</subfield></datafield><datafield ind1=" " ind2=" " tag="700"><subfield code="a">Courant, H.</subfield></datafield><datafield ind1=" " ind2=" " tag="700"><subfield code="a">Demuth, D.M.</subfield></datafield><datafield ind1=" " ind2=" " tag="700"><subfield code="a">Fields, T.H.</subfield></datafield><datafield ind1=" " ind2=" " tag="700"><subfield code="a">Gallagher, H.R.</subfield></datafield><datafield ind1=" " ind2=" " tag="700"><subfield code="a">Garcia-Garcia, C.</subfield></datafield><datafield ind1=" " ind2=" " tag="700"><subfield code="a">Goodman, M.C.</subfield></datafield><datafield ind1=" " ind2=" " tag="700"><subfield code="a">Gran, R.</subfield></datafield><datafield ind1=" " ind2=" " tag="700"><subfield code="a">Joffe-Minor, T.</subfield></datafield><datafield ind1=" " ind2=" " tag="700"><subfield code="a">Kafka, T.</subfield></datafield><datafield ind1=" " ind2=" " tag="700"><subfield code="a">Kasahara, S.M.S.</subfield></datafield><datafield ind1=" " ind2=" " tag="700"><subfield code="a">Leeson, W.</subfield></datafield><datafield ind1=" " ind2=" " tag="700"><subfield code="a">Litchfield, P.J.</subfield></datafield><datafield ind1=" " ind2=" " tag="700"><subfield code="a">Longley, N.P.</subfield></datafield><datafield ind1=" " ind2=" " tag="700"><subfield code="a">Mann, W.A.</subfield></datafield><datafield ind1=" " ind2=" " tag="700"><subfield code="a">Marshak, M.L.</subfield></datafield><datafield ind1=" " ind2=" " tag="700"><subfield code="a">Milburn, Richard H.</subfield></datafield><datafield ind1=" " ind2=" " tag="700"><subfield code="a">Miller, W.H.</subfield></datafield><datafield ind1=" " ind2=" " tag="700"><subfield code="a">Mualem, L.</subfield></datafield><datafield ind1=" " ind2=" " tag="700"><subfield code="a">Napier, A.</subfield></datafield><datafield ind1=" " ind2=" " tag="700"><subfield code="a">Oliver, W.P.</subfield></datafield><datafield ind1=" " ind2=" " tag="700"><subfield code="a">Pearce, G.F.</subfield></datafield><datafield ind1=" " ind2=" " tag="700"><subfield code="a">Peterson, E.A.</subfield></datafield><datafield ind1=" " ind2=" " tag="700"><subfield code="a">Petyt, D.A.</subfield></datafield><datafield ind1=" " ind2=" " tag="700"><subfield code="a">Price, L.E.</subfield></datafield><datafield ind1=" " ind2=" " tag="700"><subfield code="a">Ruddick, K.</subfield></datafield><datafield ind1=" " ind2=" " tag="700"><subfield code="a">Sanchez, Mayly C.</subfield></datafield><datafield ind1=" " ind2=" " tag="700"><subfield code="a">Schneps, J.</subfield></datafield><datafield ind1=" " ind2=" " tag="700"><subfield code="a">Schub, M.H.</subfield></datafield><datafield ind1=" " ind2=" " tag="700"><subfield code="a">Seidlein, R.</subfield></datafield><datafield ind1=" " ind2=" " tag="700"><subfield code="a">Stassinakis, A.</subfield></datafield><datafield ind1=" " ind2=" " tag="700"><subfield code="a">Tom, H.</subfield></datafield><datafield ind1=" " ind2=" " tag="700"><subfield code="a">Thron, J.L.</subfield></datafield><datafield ind1=" " ind2=" " tag="700"><subfield code="a">Villaume, G.</subfield></datafield><datafield ind1=" " ind2=" " tag="700"><subfield code="a">Wakely, S.P.</subfield></datafield><datafield ind1=" " ind2=" " tag="700"><subfield code="a">West, N.</subfield></datafield><datafield tag="902" ind1=" " ind2=" "><subfield code="a"> Argonne</subfield><subfield code="i">256</subfield></datafield><datafield tag="902" ind1=" " ind2=" "><subfield code="a"> Minnesota U.</subfield><subfield code="i">4162</subfield></datafield><datafield tag="902" ind1=" " ind2=" "><subfield code="a"> Oxford U.</subfield><subfield code="i">5240</subfield></datafield><datafield tag="902" ind1=" " ind2=" "><subfield code="a"> Rutherford</subfield><subfield code="i">5932</subfield></datafield><datafield tag="902" ind1=" " ind2=" "><subfield code="a"> Tufts U.</subfield><subfield code="i">7226</subfield></datafield><datafield tag="902" ind1=" " ind2=" "><subfield code="a"> Western Washington U.</subfield><subfield code="i">11177</subfield></datafield><datafield tag="710" ind1=" " ind2=" "><subfield code="g">Soudan 2 Collaboration</subfield></datafield><datafield tag="245" ind1=" " ind2=" "><subfield code="a">Search for nucleon decay into lepton + K0 final states using Soudan-2</subfield></datafield><datafield tag="773" ind1=" " ind2=" "><subfield code="p">Phys.Rev.</subfield><subfield code="v">D61</subfield><subfield code="c">072004</subfield><subfield code="y">2000</subfield></datafield><datafield tag="269" ind1=" " ind2=" "><subfield code="c">1999-10</subfield></datafield><datafield tag="260" ind1=" " ind2=" "><subfield code="c">1999</subfield></datafield><datafield tag="773" ind1=" " ind2=" "><subfield code="p">Phys.Rev.D</subfield></datafield><datafield tag="650" ind1="1" ind2="7"><subfield code="a">Experimental, S</subfield></datafield><datafield tag="300" ind1=" " ind2=" "><subfield code="a">37</subfield></datafield><datafield tag="999" ind1="C" ind2="5"><subfield code="m">PPNPD,12,1</subfield><subfield code="s">Prog.Part.Nucl.Phys.,12,1</subfield></datafield><datafield tag="999" ind1="C" ind2="5"><subfield code="m">RNCIB,8,1</subfield><subfield code="s">Riv.Nuovo Cim.,8,1</subfield></datafield><datafield tag="999" ind1="C" ind2="5"><subfield code="m">RPPHA,58,819</subfield><subfield code="s">Rept.Prog.Phys.,58,819</subfield></datafield><datafield tag="999" ind1="C" ind2="5"><subfield code="m">PHRVA,D38,1479</subfield><subfield code="s">Phys.Rev.,D38,1479</subfield></datafield><datafield tag="999" ind1="C" ind2="5"><subfield code="m">hep-ph/9207279  NUPHA,B402,46</subfield><subfield code="r">hep-ph/9207279</subfield><subfield code="s">Nucl.Phys.,B402,46</subfield></datafield><datafield tag="999" ind1="C" ind2="5"><subfield code="m">hep-ph/9610293  PHRVA,D55,6986</subfield><subfield code="r">hep-ph/9610293</subfield><subfield code="s">Phys.Rev.,D55,6986</subfield></datafield><datafield tag="999" ind1="C" ind2="5"><subfield code="m">hep-ph/9512399  PHRVA,D53,6282</subfield><subfield code="r">hep-ph/9512399</subfield><subfield code="s">Phys.Rev.,D53,6282</subfield></datafield><datafield tag="999" ind1="C" ind2="5"><subfield code="m">hep-ph/9506261  PHLTA,B381,137</subfield><subfield code="r">hep-ph/9506261</subfield><subfield code="s">Phys.Lett.,B381,137</subfield></datafield><datafield tag="999" ind1="C" ind2="5"><subfield code="m">hep-ph/9802334  PHRVA,D58,035003</subfield><subfield code="r">hep-ph/9802334</subfield><subfield code="s">Phys.Rev.,D58,035003</subfield></datafield><datafield tag="999" ind1="C" ind2="5"><subfield code="m">hep-ph/9712307  PHLTA,B423,337</subfield><subfield code="r">hep-ph/9712307</subfield><subfield code="s">Phys.Lett.,B423,337</subfield></datafield><datafield tag="999" ind1="C" ind2="5"><subfield code="m">PHLTA,B115,349</subfield><subfield code="s">Phys.Lett.,B115,349</subfield></datafield><datafield tag="999" ind1="C" ind2="5"><subfield code="m">NUCIA,C9,167</subfield><subfield code="s">Nuovo Cim.,C9,167</subfield></datafield><datafield tag="999" ind1="C" ind2="5"><subfield code="m">PHLTA,B118,461</subfield><subfield code="s">Phys.Lett.,B118,461</subfield></datafield><datafield tag="999" ind1="C" ind2="5"><subfield code="m">PRLTA,50,651</subfield><subfield code="s">Phys.Rev.Lett.,50,651</subfield></datafield><datafield tag="999" ind1="C" ind2="5"><subfield code="m">PRLTA,52,1092</subfield><subfield code="s">Phys.Rev.Lett.,52,1092</subfield></datafield><datafield tag="999" ind1="C" ind2="5"><subfield code="m">PRLTA,54,22</subfield><subfield code="s">Phys.Rev.Lett.,54,22</subfield></datafield><datafield tag="999" ind1="C" ind2="5"><subfield code="m">PRLTA,57,1986</subfield><subfield code="s">Phys.Rev.Lett.,57,1986</subfield></datafield><datafield tag="999" ind1="C" ind2="5"><subfield code="m">PRLTA,61,2522</subfield><subfield code="s">Phys.Rev.Lett.,61,2522</subfield></datafield><datafield tag="999" ind1="C" ind2="5"><subfield code="m">PHLTA,B224,348</subfield><subfield code="s">Phys.Lett.,B224,348</subfield></datafield><datafield tag="999" ind1="C" ind2="5"><subfield code="m">PHRVA,D59,052004</subfield><subfield code="s">Phys.Rev.,D59,052004</subfield></datafield><datafield tag="999" ind1="C" ind2="5"><subfield code="m">NUPHA,B313,509</subfield><subfield code="s">Nucl.Phys.,B313,509</subfield></datafield><datafield tag="999" ind1="C" ind2="5"><subfield code="m">ZEPYA,C50,385</subfield><subfield code="s">Z.Phys.,C50,385</subfield></datafield><datafield tag="999" ind1="C" ind2="5"><subfield code="m">PHLTA,B269,227</subfield><subfield code="s">Phys.Lett.,B269,227</subfield></datafield><datafield tag="999" ind1="C" ind2="5"><subfield code="m">PHLTA,B220,308</subfield><subfield code="s">Phys.Lett.,B220,308</subfield></datafield><datafield tag="999" ind1="C" ind2="5"><subfield code="m">hep-ex/9803030  PHLTA,B427,217</subfield><subfield code="r">hep-ex/9803030</subfield><subfield code="s">Phys.Lett.,B427,217</subfield></datafield><datafield tag="999" ind1="C" ind2="5"><subfield code="m">hep-ex/9904020  PRLTA,83,1529</subfield><subfield code="r">hep-ex/9904020</subfield><subfield code="s">Phys.Rev.Lett.,83,1529</subfield></datafield><datafield tag="999" ind1="C" ind2="5"><subfield code="m">NUIMA,A376,36</subfield><subfield code="s">Nucl.Instrum.Meth.,A376,36</subfield></datafield><datafield tag="999" ind1="C" ind2="5"><subfield code="m">NUIMA,A381,385</subfield><subfield code="s">Nucl.Instrum.Meth.,A381,385</subfield></datafield><datafield tag="999" ind1="C" ind2="5"><subfield code="m">NUIMA,A276,371</subfield><subfield code="s">Nucl.Instrum.Meth.,A276,371</subfield></datafield><datafield tag="999" ind1="C" ind2="5"><subfield code="m">PHRVA,D38,85</subfield><subfield code="s">Phys.Rev.,D38,85</subfield></datafield><datafield tag="999" ind1="C" ind2="5"><subfield code="m">PHRVA,D39,3532</subfield><subfield code="s">Phys.Rev.,D39,3532</subfield></datafield><datafield tag="999" ind1="C" ind2="5"><subfield code="m">hep-ex/9611007  PHLTA,B391,491</subfield><subfield code="r">hep-ex/9611007</subfield><subfield code="s">Phys.Lett.,B391,491</subfield></datafield><datafield tag="999" ind1="C" ind2="5"><subfield code="m">PHRVA,D34,2545</subfield><subfield code="s">Phys.Rev.,D34,2545</subfield></datafield><datafield tag="999" ind1="C" ind2="5"><subfield code="m">NUIMA,69,287</subfield><subfield code="s">Nucl.Instrum.Meth.,69,287</subfield></datafield><datafield tag="999" ind1="C" ind2="5"><subfield code="m">hep-ex/9901024  PHLTA,B449,137</subfield><subfield code="r">hep-ex/9901024</subfield><subfield code="s">Phys.Lett.,B449,137</subfield></datafield><datafield tag="999" ind1="C" ind2="5"><subfield code="m">hep-ex/9803006  PHLTA,B433,9</subfield><subfield code="r">hep-ex/9803006</subfield><subfield code="s">Phys.Lett.,B433,9</subfield></datafield><datafield tag="999" ind1="C" ind2="5"><subfield code="m">hep-ex/9807003  PRLTA,81,1562</subfield><subfield code="r">hep-ex/9807003</subfield><subfield code="s">Phys.Rev.Lett.,81,1562</subfield></datafield><datafield tag="999" ind1="C" ind2="5"><subfield code="m">hep-ex/9805006  PHLTA,B436,33</subfield><subfield code="r">hep-ex/9805006</subfield><subfield code="s">Phys.Lett.,B436,33</subfield></datafield><datafield tag="999" ind1="C" ind2="5"><subfield code="m">hep-ex/9912007  IMPAE,A15S1,229</subfield><subfield code="r">hep-ex/9912007</subfield><subfield code="s">Int.J.Mod.Phys.,A15S1,229</subfield></datafield><datafield tag="999" ind1="C" ind2="5"><subfield code="m">PHRVA,D23,1070</subfield><subfield code="s">Phys.Rev.,D23,1070</subfield></datafield><datafield tag="999" ind1="C" ind2="5"><subfield code="m">PHRVA,D45,743</subfield><subfield code="s">Phys.Rev.,D45,743</subfield></datafield><datafield tag="999" ind1="C" ind2="5"><subfield code="m">EPHJA,C3,1</subfield><subfield code="s">Eur.Phys.J.,C3,1</subfield></datafield><datafield tag="693" ind1=" " ind2=" "><subfield code="e">SOUDAN-2</subfield></datafield><datafield tag="653" ind1="1" ind2=" "><subfield code="9">DESY</subfield><subfield code="a">nucleon: semileptonic decay</subfield></datafield><datafield tag="653" ind1="1" ind2=" "><subfield code="9">DESY</subfield><subfield code="a">search for: decay</subfield></datafield><datafield tag="653" ind1="1" ind2=" "><subfield code="9">DESY</subfield><subfield code="a">p: lifetime</subfield></datafield><datafield tag="653" ind1="1" ind2=" "><subfield code="9">DESY</subfield><subfield code="a">lower limit</subfield></datafield><datafield tag="653" ind1="1" ind2=" "><subfield code="9">DESY</subfield><subfield code="a">supersymmetry</subfield></datafield><datafield tag="653" ind1="1" ind2=" "><subfield code="9">DESY</subfield><subfield code="a">grand unified theory</subfield></datafield><datafield tag="653" ind1="1" ind2=" "><subfield code="9">DESY</subfield><subfield code="a">deep underground detector: Soudan</subfield></datafield><datafield tag="653" ind1="1" ind2=" "><subfield code="9">DESY</subfield><subfield code="a">experimental results</subfield></datafield><datafield tag="653" ind1="1" ind2=" "><subfield code="9">DESY</subfield><subfield code="a">p --&gt; K0 lepton+</subfield></datafield><datafield tag="653" ind1="1" ind2=" "><subfield code="9">DESY</subfield><subfield code="a">n --&gt; K0 neutrino</subfield></datafield><datafield tag="970" ind1=" " ind2=" "><subfield code="9">DESY</subfield><subfield code="a">DESY-D00-00560</subfield></datafield><datafield tag="246" ind1=" " ind2=" "><subfield code="a">Search for nucleon decay into lepton + K0 final states using Soudan 2.</subfield></datafield><datafield tag="037" ind1="" ind2=""><subfield code="a">hep-ex/9910026</subfield><subfield code="9">arxiv</subfield><subfield code="c">hep-ex</subfield></datafield><datafield tag="961" ind1=" " ind2=" "><subfield code="x">1999-10-15</subfield></datafield><datafield tag="961" ind1=" " ind2=" "><subfield code="c">2008-02-20</subfield></datafield><datafield tag="520" ind1=" " ind2=" "><subfield code="a">
 A search for nucleon decay into two-body final states containing K^0 mesons
 has been conducted using the 963 metric ton Soudan 2 iron tracking calorimeter.
 The topologies, ionizations, and kinematics of contained events recorded in a
 5.52 kiloton-year total exposure (4.41 kton-year fiducial volume exposure) are
 examined for compatibility with nucleon decays in an iron medium. For proton
 decay into the fully visible final states \mu^+K^0_s and e^+K^0_s, zero and one
 event candidates are observed respectively. The lifetime lower limits (\tau /B)
 thus implied are 1.5 \times 10^{32} years and 1.2 \times 10^{32} years,
 respectively. Lifetime lower limits are also reported for proton decay into
 l^+K^0_l, and for neutron decay into \nu K^0_s.
</subfield><subfield code="9"></subfield></datafield><datafield tag="856" ind1="4" ind2=" "><subfield code="x">10.1103/PhysRevD.61.072004</subfield><subfield code="y">DOI</subfield><subfield code="u">http://dx.doi.org/10.1103/PhysRevD.61.072004</subfield></datafield><datafield tag="856" ind1="4" ind2=" "><subfield code="x">PHRVA,D61,072004</subfield><subfield code="y">PDGLIV</subfield><subfield code="u">http://pdglive.lbl.gov/REFERENCE_info1.brl?slacrpp=PHRVA,D61,072004</subfield></datafield><datafield tag="856" ind1="4" ind2=" "><subfield code="x">V61/E072004/</subfield><subfield code="y">PHRVA-D</subfield><subfield code="u">http://link.aps.org/abstract/PRD/V61/E072004/</subfield></datafield><datafield tag="970" ind1=" " ind2=" "><subfield code="a">SPIRES-4228162</subfield></datafield><datafield tag="035" ind1=" " ind2=" "><subfield code="a">Wall:1999bh</subfield><subfield code="9">SPIRESTeX</subfield></datafield><datafield tag="980" ind1=" " ind2=" "><subfield code="a">Published</subfield></datafield><datafield tag="980" ind1=" " ind2=" "><subfield code="a">Arxiv</subfield></datafield><datafield tag="980" ind1=" " ind2=" "><subfield code="a">Citeable</subfield></datafield><datafield tag="980" ind1=" " ind2=" "><subfield code="a">CORE</subfield></datafield></record>