<record><datafield tag="690" ind1="C" ind2=" "><subfield code="a">PUBLISHED</subfield></datafield><datafield ind1=" " ind2=" " tag="100"><subfield code="a">Jachim, S.P.</subfield><subfield code="u"> Los Alamos</subfield><subfield code="i">3727</subfield></datafield><datafield ind1=" " ind2=" " tag="700"><subfield code="a">Ziomek, C.</subfield><subfield code="u"> Los Alamos</subfield><subfield code="i">3727</subfield></datafield><datafield ind1=" " ind2=" " tag="700"><subfield code="a">Natter, E.F.</subfield><subfield code="u"> Los Alamos</subfield><subfield code="i">3727</subfield></datafield><datafield ind1=" " ind2=" " tag="700"><subfield code="a">Regan, A.H.</subfield><subfield code="u"> Los Alamos</subfield><subfield code="i">3727</subfield></datafield><datafield ind1=" " ind2=" " tag="700"><subfield code="a">Hill, J.</subfield><subfield code="u"> Los Alamos</subfield><subfield code="i">3727</subfield></datafield><datafield ind1=" " ind2=" " tag="700"><subfield code="a">Eaton, L.</subfield><subfield code="u"> Los Alamos</subfield><subfield code="i">3727</subfield></datafield><datafield ind1=" " ind2=" " tag="700"><subfield code="a">Gutscher, W.D.</subfield><subfield code="u"> Los Alamos</subfield><subfield code="i">3727</subfield></datafield><datafield ind1=" " ind2=" " tag="700"><subfield code="a">Curtin, M.</subfield><subfield code="u"> Los Alamos</subfield><subfield code="i">3727</subfield></datafield><datafield ind1=" " ind2=" " tag="700"><subfield code="a">Denney, P.</subfield><subfield code="u"> Los Alamos</subfield><subfield code="i">3727</subfield></datafield><datafield ind1=" " ind2=" " tag="700"><subfield code="a">Hansberry, E.</subfield><subfield code="u"> Los Alamos</subfield><subfield code="i">3727</subfield></datafield><datafield ind1=" " ind2=" " tag="700"><subfield code="a">Brooks, T.</subfield><subfield code="u"> Los Alamos</subfield><subfield code="i">3727</subfield></datafield><datafield tag="245" ind1=" " ind2=" "><subfield code="a">The Los Alamos VXI-based modular RF control system</subfield></datafield><datafield tag="773" ind1=" " ind2=" "><subfield code="p">Conf.Proc.</subfield><subfield code="v">C930517</subfield><subfield code="c">1154-1156</subfield><subfield code="y">19</subfield></datafield><datafield tag="111" ind1=" " ind2=" "><subfield code="g">C93/05/17</subfield><subfield code="d">17-20 May 1993</subfield><subfield code="c">Washington, DC</subfield><subfield code="9">1993-05-17</subfield></datafield><datafield tag="269" ind1=" " ind2=" "><subfield code="c">1993</subfield></datafield><datafield tag="260" ind1=" " ind2=" "><subfield code="c">1993</subfield></datafield><datafield tag="650" ind1="1" ind2="7"><subfield code="a">Instrumentation, D</subfield></datafield><datafield tag="773" ind1=" " ind2=" "><subfield code="x">In *Washington 1993, Particle accelerator, vol. 2* 1154-1156</subfield></datafield><datafield tag="653" ind1="1" ind2=" "><subfield code="9">DESY</subfield><subfield code="a">talk: Washington 1993/05/17</subfield></datafield><datafield tag="970" ind1=" " ind2=" "><subfield code="9">DESY</subfield><subfield code="a">DESY-D97-11492</subfield></datafield><datafield tag="961" ind1=" " ind2=" "><subfield code="x">1999-09-13</subfield></datafield><datafield tag="961" ind1=" " ind2=" "><subfield code="c">2008-04-11</subfield></datafield><datafield tag="856" ind1="4" ind2=" "><subfield code="x">p93/PDF/PAC1993_1154.PDF</subfield><subfield code="y">JACOW</subfield><subfield code="u">http://accelconf.web.cern.ch/AccelConf/p93/PDF/PAC1993_1154.PDF</subfield></datafield><datafield tag="970" ind1=" " ind2=" "><subfield code="a">SPIRES-4180828</subfield></datafield><datafield tag="035" ind1=" " ind2=" "><subfield code="a">Jachim:1993wb</subfield><subfield code="9">SPIRESTeX</subfield></datafield><datafield tag="980" ind1=" " ind2=" "><subfield code="a">Conference</subfield></datafield><datafield tag="980" ind1=" " ind2=" "><subfield code="a">CORE</subfield></datafield></record></collection>

